@inproceedings{hershberger1993matrix,
  title={Matrix searching with the shortest path metric},
  author={Hershberger, John and Suri, Subhash},
  booktitle={Proceedings of the twenty-fifth annual ACM symposium on Theory of computing},
  pages={485--494},
  year={1993},
  organization={ACM}
}

@article{lee1984euclidean,
  title={Euclidean shortest paths in the presence of rectilinear barriers},
  author={Lee, Der-Tsai and Preparata, Franco P},
  journal={Networks},
  volume={14},
  number={3},
  pages={393--410},
  year={1984},
  publisher={Wiley Online Library}
}

@article{suri1989computing,
  title={Computing geodesic furthest neighbors in simple polygons},
  author={Suri, Subhash},
  journal={Journal of Computer and System Sciences},
  volume={39},
  number={2},
  pages={220--235},
  year={1989},
  publisher={Elsevier}
}

@article{chazelle1994ray,
  title={Ray shooting in polygons using geodesic triangulations},
  author={Chazelle, Bernard and Edelsbrunner, Herbert and Grigni, Michelangelo and Guibas, L and Hershberger, John and Sharir, Micha and Snoeyink, Jack},
  journal={Algorithmica},
  volume={12},
  number={1},
  pages={54--68},
  year={1994},
  publisher={Springer}
}

@article{harel1984fast,
  title={Fast algorithms for finding nearest common ancestors},
  author={Harel, Dov and Tarjan, Robert Endre},
  journal={siam Journal on Computing},
  volume={13},
  number={2},
  pages={338--355},
  year={1984},
  publisher={SIAM}
}

@inproceedings{matousekCuttings,
  title={Approximations and optimal geometric divide-and-conquer},
  author={Matou{\v{s}}ek, Ji{\v{r}}{\'\i}},
  booktitle={Proceedings of the twenty-third annual ACM symposium on Theory of computing},
  pages={505--511},
  year={1991},
  organization={ACM}
}

@article{guibasShortestPathTree,
  title={Linear-time algorithms for visibility and shortest path problems inside triangulated simple polygons},
  author={Guibas, Leonidas and Hershberger, John and Leven, Daniel and Sharir, Micha and Tarjan, Robert E},
  journal={Algorithmica},
  volume={2},
  number={1-4},
  pages={209--233},
  year={1987},
  publisher={Springer}
}

@article{megiddo1989ball,
  title={On the ball spanned by balls},
  author={Megiddo, Nimrod},
  journal={Discrete \& Computational Geometry},
  volume={4},
  number={1},
  pages={605--610},
  year={1989},
  publisher={Springer}
}

@inproceedings{megiddo1982linear,
  title={Linear-time algorithms for linear programming in R3 and related problems},
  author={Megiddo, Nimrod},
  booktitle={Foundations of Computer Science, 1982. FOCS'08. 23rd Annual Symposium on},
  pages={329--338},
  year={1982},
  organization={IEEE}
}

@article{pollackComputingCenter,
  title={Computing the geodesic center of a simple polygon},
  author={Pollack, Richard and Sharir, Micha and Rote, G\"unter},
  journal={Discrete \& Computational Geometry},
  volume={4},
  number={1},
  pages={611--626},
  year={1989},
  publisher={Springer}
}

@inproceedings{ConstructionEpsilonNets,
 author = {Matou\v{s}ek, J.},
 title = {Construction of epsilon nets},
 booktitle = {Proceedings of the 5th Annual Symposium on Computational Geometry},
 year = {1989},
 isbn = {0-89791-318-3},
 location = {Saarbruchen, West Germany},
 pages = {1--10},
 numpages = {10},
 url = {http://doi.acm.org/10.1145/73833.73834},
 acmid = {73834},
 publisher = {ACM},
 address = {New York},
} 

@article{aronov1993furthest,
  title={The furthest-site geodesic Voronoi diagram},
  author={Aronov, Boris and Fortune, Steven and Wilfong, Gordon},
  journal={Discrete \& Computational Geometry},
  volume={9},
  number={1},
  pages={217--255},
  year={1993},
  publisher={Springer}
}

@article{aronov1989geodesic,
  title={On the geodesic Voronoi diagram of point sites in a simple polygon},
  author={Aronov, Boris},
  journal={Algorithmica},
  volume={4},
  number={1-4},
  pages={109--140},
  year={1989},
  publisher={Springer}
}

@inproceedings{guibasShortestPathQueries,
  title={Optimal shortest path queries in a simple polygon},
  author={Guibas, Leonidas J and Hershberger, John},
  booktitle={Proceedings of the third annual symposium on Computational geometry},
  pages={50--63},
  year={1987},
  organization={ACM}
}

